{
  "leader": "02370cam a22004691  4500",
  "fields": [
    {
      "001": "ocm01091046\\"
    },
    {
      "003": "OCoLC"
    },
    {
      "005": "20211008100726.0"
    },
    {
      "008": "810815s1944\\\\\\\\nyuaf\\\\\\\\b\\\\\\\\000\\0\\eng\\\\"
    },
    {
      "010": {
        "ind1": "\\",
        "ind2": "\\",
        "subfields": [
          {
            "a": "sg 45000082 "
          }
        ]
      }
    },
    {
      "040": {
        "ind1": "\\",
        "ind2": "\\",
        "subfields": [
          {
            "a": "NLM"
          },
          {
            "b": "eng"
          },
          {
            "c": "NLM"
          },
          {
            "d": "CHS"
          },
          {
            "d": "SER"
          },
          {
            "d": "CGC"
          },
          {
            "d": "DRB"
          },
          {
            "d": "UAB"
          },
          {
            "d": "LVB"
          },
          {
            "d": "UKMGB"
          },
          {
            "d": "ABH"
          },
          {
            "d": "OCLCF"
          },
          {
            "d": "OCLCQ"
          },
          {
            "d": "OCLCO"
          },
          {
            "d": "OCLCQ"
          },
          {
            "d": "NLM"
          },
          {
            "d": "OCLCO"
          },
          {
            "d": "OCLCA"
          },
          {
            "d": "OCLCQ"
          },
          {
            "d": "OCLCO"
          },
          {
            "d": "OCLCA"
          },
          {
            "d": "ZCU"
          },
          {
            "d": "OCLCO"
          },
          {
            "d": "OCLCA"
          }
        ]
      }
    },
    {
      "016": {
        "ind1": "7",
        "ind2": "\\",
        "subfields": [
          {
            "a": "38930330R"
          },
          {
            "2": "DNLM"
          }
        ]
      }
    },
    {
      "016": {
        "ind1": "7",
        "ind2": "\\",
        "subfields": [
          {
            "a": "002635338"
          },
          {
            "2": "Uk"
          }
        ]
      }
    },
    {
      "016": {
        "ind1": "7",
        "ind2": "\\",
        "subfields": [
          {
            "a": "007556266"
          },
          {
            "2": "Uk"
          }
        ]
      }
    },
    {
      "019": {
        "ind1": "\\",
        "ind2": "\\",
        "subfields": [
          {
            "a": "70301982"
          },
          {
            "a": "562123652"
          },
          {
            "a": "976901912"
          },
          {
            "a": "1045829137"
          },
          {
            "a": "1052833274"
          },
          {
            "a": "1157367807"
          },
          {
            "a": "1197897876"
          },
          {
            "a": "1265558460"
          }
        ]
      }
    },
    {
      "035": {
        "ind1": "\\",
        "ind2": "\\",
        "subfields": [
          {
            "a": "(OCoLC)1091046"
          },
          {
            "z": "(OCoLC)70301982"
          },
          {
            "z": "(OCoLC)562123652"
          },
          {
            "z": "(OCoLC)976901912"
          },
          {
            "z": "(OCoLC)1045829137"
          },
          {
            "z": "(OCoLC)1052833274"
          },
          {
            "z": "(OCoLC)1157367807"
          },
          {
            "z": "(OCoLC)1197897876"
          },
          {
            "z": "(OCoLC)1265558460"
          }
        ]
      }
    },
    {
      "050": {
        "ind1": "\\",
        "ind2": "4",
        "subfields": [
          {
            "a": "RB145"
          },
          {
            "b": ".B55"
          }
        ]
      }
    },
    {
      "055": {
        "ind1": "\\",
        "ind2": "3",
        "subfields": [
          {
            "a": "RB145"
          },
          {
            "b": "B62"
          }
        ]
      }
    },
    {
      "060": {
        "ind1": "0",
        "ind2": "0",
        "subfields": [
          {
            "a": "WH 100"
          },
          {
            "b": "B628a 1944"
          }
        ]
      }
    },
    {
      "082": {
        "ind1": "0",
        "ind2": "4",
        "subfields": [
          {
            "a": "616.15"
          },
          {
            "b": "BLA"
          }
        ]
      }
    },
    {
      "100": {
        "ind1": "1",
        "ind2": "\\",
        "subfields": [
          {
            "a": "Blackfan, Kenneth D."
          },
          {
            "q": "(Kenneth Daniel),"
          },
          {
            "d": "1883-1941."
          }
        ]
      }
    },
    {
      "245": {
        "ind1": "1",
        "ind2": "0",
        "subfields": [
          {
            "a": "Atlas of the blood in children"
          },
          {
            "c": "[by] Kenneth D. Blackfan ... [and] Louis K. Diamond ... With illustrations by C. Merrill Leister ..."
          }
        ]
      }
    },
    {
      "260": {
        "ind1": "\\",
        "ind2": "\\",
        "subfields": [
          {
            "a": "New York,"
          },
          {
            "b": "The Commonwealth fund,"
          },
          {
            "c": "1944."
          }
        ]
      }
    },
    {
      "300": {
        "ind1": "\\",
        "ind2": "\\",
        "subfields": [
          {
            "a": "xiv, 320 pages 70 plates"
          },
          {
            "b": "illustrations"
          }
        ]
      }
    },
    {
      "336": {
        "ind1": "\\",
        "ind2": "\\",
        "subfields": [
          {
            "a": "text"
          },
          {
            "b": "txt"
          },
          {
            "2": "rdacontent"
          }
        ]
      }
    },
    {
      "337": {
        "ind1": "\\",
        "ind2": "\\",
        "subfields": [
          {
            "a": "unmediated"
          },
          {
            "b": "n"
          },
          {
            "2": "rdamedia"
          }
        ]
      }
    },
    {
      "338": {
        "ind1": "\\",
        "ind2": "\\",
        "subfields": [
          {
            "a": "volume"
          },
          {
            "b": "nc"
          },
          {
            "2": "rdacarrier"
          }
        ]
      }
    },
    {
      "504": {
        "ind1": "\\",
        "ind2": "\\",
        "subfields": [
          {
            "a": "Includes bibliographical references (pages 145-158)."
          }
        ]
      }
    },
    {
      "583": {
        "ind1": "1",
        "ind2": "\\",
        "subfields": [
          {
            "a": "committed to retain"
          },
          {
            "c": "20170930"
          },
          {
            "d": "20421231"
          },
          {
            "f": "HathiTrust"
          },
          {
            "u": "https://www.hathitrust.org/shared_print_program"
          },
          {
            "5": "AEU"
          },
          {
            "z": "HathiTrust Shared Print commitment 2017"
          }
        ]
      }
    },
    {
      "650": {
        "ind1": "\\",
        "ind2": "0",
        "subfields": [
          {
            "a": "Blood"
          },
          {
            "x": "Examination."
          }
        ]
      }
    },
    {
      "650": {
        "ind1": "\\",
        "ind2": "0",
        "subfields": [
          {
            "a": "Blood cells."
          }
        ]
      }
    },
    {
      "650": {
        "ind1": "\\",
        "ind2": "7",
        "subfields": [
          {
            "a": "Blood cells."
          },
          {
            "2": "fast"
          },
          {
            "0": "(OCoLC)fst00834680"
          }
        ]
      }
    },
    {
      "650": {
        "ind1": "\\",
        "ind2": "7",
        "subfields": [
          {
            "a": "Blood"
          },
          {
            "x": "Examination."
          },
          {
            "2": "fast"
          },
          {
            "0": "(OCoLC)fst00834590"
          }
        ]
      }
    },
    {
      "650": {
        "ind1": "\\",
        "ind2": "2",
        "subfields": [
          {
            "a": "Blood."
          },
          {
            "0": "https://id.nlm.nih.gov/mesh/D001769"
          }
        ]
      }
    },
    {
      "655": {
        "ind1": "\\",
        "ind2": "2",
        "subfields": [
          {
            "a": "Atlas."
          },
          {
            "0": "https://id.nlm.nih.gov/mesh/D020466"
          }
        ]
      }
    },
    {
      "700": {
        "ind1": "1",
        "ind2": "\\",
        "subfields": [
          {
            "a": "Diamond, Louis K."
          },
          {
            "q": "(Louis Klein),"
          },
          {
            "d": "1902-1999."
          }
        ]
      }
    },
    {
      "710": {
        "ind1": "2",
        "ind2": "\\",
        "subfields": [
          {
            "a": "Commonwealth Fund."
          }
        ]
      }
    },
    {
      "776": {
        "ind1": "0",
        "ind2": "8",
        "subfields": [
          {
            "i": "Online version:"
          },
          {
            "a": "Blackfan, Kenneth D. (Kenneth Daniel), 1883-1941."
          },
          {
            "t": "Atlas of the blood in children."
          },
          {
            "d": "New York, The Commonwealth fund, 1944"
          },
          {
            "w": "(OCoLC)598449747"
          }
        ]
      }
    },
    {
      "776": {
        "ind1": "0",
        "ind2": "8",
        "subfields": [
          {
            "i": "Online version:"
          },
          {
            "a": "Blackfan, Kenneth D. (Kenneth Daniel), 1883-1941."
          },
          {
            "t": "Atlas of the blood in children."
          },
          {
            "d": "New York, The Commonwealth fund, 1944"
          },
          {
            "w": "(OCoLC)607886305"
          }
        ]
      }
    },
    {
      "994": {
        "ind1": "\\",
        "ind2": "\\",
        "subfields": [
          {
            "a": "Z0"
          },
          {
            "b": "NYRVC"
          }
        ]
      }
    },
    {
      "948": {
        "ind1": "\\",
        "ind2": "\\",
        "subfields": [
          {
            "h": "NO HOLDINGS IN NYRVC - 151 OTHER HOLDINGS"
          }
        ]
      }
    },
    {
      "999": {
        "ind1": "\\",
        "ind2": "\\",
        "subfields": [
          {
            "a": "no barcode"
          }
        ]
      }
    }
  ]
}